<?xml version="1.0" encoding="UTF-8"?><collection xmlns="http://www.loc.gov/MARC21/slim"><record><leader>00370nam--2200121-i-4500</leader><controlfield tag="001">000047774</controlfield><controlfield tag="002">20161230</controlfield><controlfield tag="005">20161230201046</controlfield><controlfield tag="008">060222s1000------------r-----000-0-eng-d</controlfield><datafield ind1=" " ind2=" " tag="080"><subfield code="a">001.818</subfield></datafield><datafield ind1=" " ind2=" " tag="245"><subfield code="a">Fifty years of the inst.for research, production and uses of radioisotopes</subfield></datafield><datafield ind1=" " ind2=" " tag="260"><subfield code="a">Prague, Inst.For Research Production And Uses Of Radioisotopes, 48p</subfield></datafield><datafield ind1=" " ind2=" " tag="852"><subfield code="a">31435</subfield></datafield></record></collection>